<?xml version="1.0" encoding="UTF-8"?><collection xmlns="http://www.loc.gov/MARC21/slim"><record><leader>00518nam--2200181-i-4500</leader><controlfield tag="001">000046346</controlfield><controlfield tag="002">20161230</controlfield><controlfield tag="005">20161230201045</controlfield><controlfield tag="008">060222s1000------------r-----000-0-eng-d</controlfield><datafield ind1=" " ind2=" " tag="040"><subfield code="a">IFIN-HH</subfield></datafield><datafield ind1=" " ind2=" " tag="080"><subfield code="a">539.124:539.16:539.1.074</subfield></datafield><datafield ind1="1" ind2=" " tag="100"><subfield code="a">Venverloo,L.A.J</subfield></datafield><datafield ind1="1" ind2="0" tag="245"><subfield code="a">Practical measuring techniques for beta radiation</subfield><subfield code="c">L.a.j. venverloo</subfield></datafield><datafield ind1=" " ind2=" " tag="260"><subfield code="a">London</subfield><subfield code="b">Macmillan</subfield><subfield code="c">1971</subfield></datafield><datafield ind1=" " ind2=" " tag="300"><subfield code="a">VIII+148 P</subfield></datafield><datafield ind1=" " ind2=" " tag="490"><subfield code="a">Philips Technical Library</subfield></datafield><datafield ind1=" " ind2=" " tag="852"><subfield code="a">36580</subfield><subfield code="c">539.1.07:539.1.08</subfield></datafield><datafield ind1=" " ind2=" " tag="CAT"><subfield code="a">Sys</subfield><subfield code="c">20111025</subfield><subfield code="h">104150</subfield></datafield></record></collection>